%% LaTeX2e file `mybibliography.bib'
%% generated by the `filecontents' environment
%% from source `Mitschrift' on 2015/07/26.
%%
@misc{rehfeld,
 AUTHOR = "Stephan Rehfeld",
 TITLE = "{Digitale Bilder}",
 HOWPUBLISHED = "{\url{https://public.beuth-hochschule.de/~rehfeld/lehre/2015/ss/digitale-bilder.pdf}}",
 YEAR = "{2015}"
}

@article{drepper2007every,
  title={What every programmer should know about memory},
  author={Drepper, Ulrich},
  journal={Red Hat, Inc},
  volume={11},
  year={2007}
}

@online{big-o,
  title={Know Thy Complexities!},
  author={Eric Rowell},
  howpublished={\url{http://bigocheatsheet.com/}},
  year={2013}
}

